<record><leader>00000cas a2200000 a 4500</leader><controlfield tag="001">13745366</controlfield><controlfield tag="008">860618d18611869vtuwr ne      0    0eng  </controlfield><datafield ind1=" " ind2=" " tag="010"><subfield code="a">sn 86071618 </subfield></datafield><datafield ind1=" " ind2=" " tag="040"><subfield code="a">DLC</subfield><subfield code="b">eng</subfield><subfield code="c">DLC</subfield><subfield code="d">MGN</subfield><subfield code="d">NVN</subfield><subfield code="d">OCL</subfield><subfield code="d">NVN</subfield><subfield code="d">OCLCO</subfield><subfield code="d">OCLCQ</subfield><subfield code="d">OCLCA</subfield><subfield code="d">OCLCF</subfield></datafield><datafield ind1="1" ind2=" " tag="029"><subfield code="a">AU@</subfield><subfield code="b">000004920683</subfield></datafield><datafield ind1=" " ind2=" " tag="042"><subfield code="a">pcc</subfield></datafield><datafield ind1=" " ind2=" " tag="043"><subfield code="a">n-us-vt</subfield></datafield><datafield ind1="0" ind2="0" tag="050"><subfield code="a">Newspaper 9974</subfield></datafield><datafield ind1="0" ind2=" " tag="130"><subfield code="a">Burlington times (Burlington, Vt. : 1861)</subfield></datafield><datafield ind1="1" ind2="4" tag="245"><subfield code="a">The Burlington times.</subfield></datafield><datafield ind1="1" ind2="3" tag="246"><subfield code="a">Weekly times</subfield></datafield><datafield ind1="1" ind2="7" tag="246"><subfield code="a">Burlington weekly times</subfield><subfield code="f">June 6, 1863-Oct. 3, 1863</subfield></datafield><datafield ind1=" " ind2=" " tag="260"><subfield code="a">Burlington, Vt. :</subfield><subfield code="b">Geo. H. Bigelow,</subfield><subfield code="c">1861-1869.</subfield></datafield><datafield ind1=" " ind2=" " tag="300"><subfield code="a">v. ;</subfield><subfield code="c">50-66 cm.</subfield></datafield><datafield ind1=" " ind2=" " tag="310"><subfield code="a">Weekly</subfield></datafield><datafield ind1="0" ind2=" " tag="362"><subfield code="a">Vol. 3, no. 51 (May 25, 1861)-v. 11, no. 32 (Jan. 2, 1869).</subfield></datafield><datafield ind1=" " ind2=" " tag="525"><subfield code="a">Has occasional supplements.</subfield></datafield><datafield ind1=" " ind2=" " tag="530"><subfield code="a">Also issued on microfilm from Graphic Microfilm of New England.</subfield></datafield><datafield ind1=" " ind2="0" tag="651"><subfield code="a">Burlington (Vt.)</subfield><subfield code="v">Newspapers.</subfield></datafield><datafield ind1=" " ind2="0" tag="651"><subfield code="a">Vermont</subfield><subfield code="v">Newspapers.</subfield></datafield><datafield ind1=" " ind2="7" tag="655"><subfield code="a">Newspapers.</subfield><subfield code="2">fast</subfield><subfield code="0">(OCoLC)fst01423814</subfield></datafield><datafield ind1=" " ind2="7" tag="651"><subfield code="a">Vermont.</subfield><subfield code="2">fast</subfield><subfield code="0">(OCoLC)fst01204305</subfield></datafield><datafield ind1=" " ind2="7" tag="651"><subfield code="a">Vermont</subfield><subfield code="z">Burlington.</subfield><subfield code="2">fast</subfield><subfield code="0">(OCoLC)fst01207603</subfield></datafield><datafield ind1=" " ind2=" " tag="752"><subfield code="a">United States</subfield><subfield code="b">Vermont</subfield><subfield code="c">Chittenden</subfield><subfield code="d">Burlington.</subfield></datafield><datafield ind1="0" ind2=" " tag="775"><subfield code="t">Burlington times (Burlington, Vt. : Daily)</subfield><subfield code="w">(DLC)sn 84023090</subfield><subfield code="w">(OCoLC)10734717</subfield></datafield><datafield ind1="0" ind2=" " tag="775"><subfield code="t">Burlington daily times (Burlington, Vt. : 1868)</subfield><subfield code="w">(DLC)sn 86071617</subfield></datafield><datafield ind1="0" ind2=" " tag="775"><subfield code="t">Burlington free press (Burlington, Vt. : 1827)</subfield><subfield code="w">(DLC)sn 84023127</subfield><subfield code="w">(OCoLC)6497291</subfield></datafield><datafield ind1="0" ind2="0" tag="780"><subfield code="t">Times (Burlington, Vt. : 1858)</subfield><subfield code="w">(DLC)sn 86071619</subfield><subfield code="w">(OCoLC)13745394</subfield></datafield><datafield ind1="0" ind2="4" tag="785"><subfield code="t">Burlington weekly free press</subfield><subfield code="w">(DLC)sn 86072143</subfield><subfield code="w">(OCoLC)14907707</subfield></datafield></record>